<?xml version="1.0" encoding="UTF-8"?>
<SOAP-ENV:Envelope xmlns:SOAP-ENV="http://schemas.xmlsoap.org/soap/envelope/" xmlns:of="http://oss.dbc.dk/ns/openformat" xmlns:ofo="http://oss.dbc.dk/ns/openformatoutput"><SOAP-ENV:Body><of:formatResponse><marc21><mx:record xmlns:mx="http://www.loc.gov/MARC21/slim" format="MARC21" type="Bibliographic"><mx:leader>00000nas a22000000c 4500</mx:leader><mx:controlfield tag="008">831005c19009999dk m| p|      0|||b|dan|d</mx:controlfield><mx:datafield ind1=" " ind2=" " tag="022"><mx:subfield code="a">0017-8500</mx:subfield></mx:datafield><mx:datafield ind1="1" ind2=" " tag="029"><mx:subfield code="a">DKDLA</mx:subfield><mx:subfield code="b">870970-basis:05972787</mx:subfield></mx:datafield><mx:datafield ind1=" " ind2=" " tag="040"><mx:subfield code="a">DKDLA</mx:subfield><mx:subfield code="b">dan</mx:subfield><mx:subfield code="c">DKDLA</mx:subfield></mx:datafield><mx:datafield ind1=" " ind2=" " tag="084"><mx:subfield code="a">63.5</mx:subfield><mx:subfield code="2">z</mx:subfield></mx:datafield><mx:datafield ind1="0" ind2=" " tag="210"><mx:subfield code="a">Haven</mx:subfield><mx:subfield code="b">(Frederiksberg)</mx:subfield></mx:datafield><mx:datafield ind1=" " ind2="0" tag="222"><mx:subfield code="a">Haven</mx:subfield><mx:subfield code="b">(Frederiksberg)</mx:subfield></mx:datafield><mx:datafield ind1="1" ind2="0" tag="245"><mx:subfield code="a">Haven/</mx:subfield><mx:subfield code="c">Det Danske Haveselskab</mx:subfield></mx:datafield><mx:datafield ind1=" " ind2=" " tag="260"><mx:subfield code="a">Lyngby :</mx:subfield><mx:subfield code="b">Det Danske Haveselskab,</mx:subfield><mx:subfield code="c">1900-</mx:subfield></mx:datafield><mx:datafield ind1=" " ind2=" " tag="310"><mx:subfield code="a">Månedlig</mx:subfield></mx:datafield><mx:datafield ind1="2" ind2=" " tag="710"><mx:subfield code="a">Det Danske Haveselskab</mx:subfield></mx:datafield><mx:datafield ind1="2" ind2=" " tag="710"><mx:subfield code="a">Det Kongelige Danske Haveselskab</mx:subfield></mx:datafield><mx:datafield ind1="2" ind2=" " tag="710"><mx:subfield code="a">Det Jydske Haveselskab</mx:subfield></mx:datafield><mx:datafield ind1="2" ind2=" " tag="710"><mx:subfield code="a">Østifternes Haveselskab</mx:subfield></mx:datafield><mx:datafield ind1=" " ind2=" " tag="901"><mx:subfield code="a">635</mx:subfield></mx:datafield></mx:record><hs activity="insert">DKDLA</hs><hs activity="insert">DKB</hs></marc21></of:formatResponse></SOAP-ENV:Body></SOAP-ENV:Envelope>
